<record><leader>00000cas a22000007a 4500</leader><controlfield tag="001">12738024</controlfield><controlfield tag="008">851030d18721873vauwr ne      0    0eng d</controlfield><datafield ind1=" " ind2=" " tag="010"><subfield code="a">sn 85034362 </subfield></datafield><datafield ind1=" " ind2=" " tag="040"><subfield code="a">NPU</subfield><subfield code="b">eng</subfield><subfield code="c">NPU</subfield><subfield code="d">NVK</subfield><subfield code="d">OCLCQ</subfield><subfield code="d">OCLCF</subfield><subfield code="d">OCLCO</subfield><subfield code="d">NVK</subfield></datafield><datafield ind1=" " ind2=" " tag="042"><subfield code="a">msc</subfield></datafield><datafield ind1=" " ind2=" " tag="043"><subfield code="a">n-us-va</subfield></datafield><datafield ind1="0" ind2=" " tag="130"><subfield code="a">Farmville commonwealth (Farmville, Va. : 1872 : Weekly)</subfield></datafield><datafield ind1="1" ind2="0" tag="245"><subfield code="a">Farmville commonwealth.</subfield></datafield><datafield ind1=" " ind2=" " tag="260"><subfield code="a">Farmville, Va. :</subfield><subfield code="b">[J.G. Cannon]</subfield></datafield><datafield ind1=" " ind2=" " tag="300"><subfield code="a">v. ;</subfield><subfield code="c">59 cm.</subfield></datafield><datafield ind1=" " ind2=" " tag="310"><subfield code="a">Weekly</subfield></datafield><datafield ind1="1" ind2=" " tag="362"><subfield code="a">Began in 1872; ceased in Jul.? 1873.</subfield><subfield code="z">Cf. Gregory, W. Amer. newspapers.</subfield></datafield><datafield ind1=" " ind2=" " tag="500"><subfield code="a">Published every Thursday.</subfield></datafield><datafield ind1=" " ind2=" " tag="500"><subfield code="a">Publisher listed in Rowell, 1873.</subfield></datafield><datafield ind1=" " ind2=" " tag="500"><subfield code="a">Editor: J.G. Cannon, &lt;1873&gt;.</subfield></datafield><datafield ind1=" " ind2=" " tag="530"><subfield code="a">Also available online.</subfield></datafield><datafield ind1=" " ind2=" " tag="588"><subfield code="a">Description based on: Vol. 36, no. 38 (Mar. 12, 1873).</subfield></datafield><datafield ind1=" " ind2="0" tag="651"><subfield code="a">Farmville (Va.)</subfield><subfield code="v">Newspapers.</subfield></datafield><datafield ind1=" " ind2="7" tag="651"><subfield code="a">Virginia</subfield><subfield code="z">Farmville.</subfield><subfield code="2">fast</subfield><subfield code="0">(OCoLC)fst01226898</subfield></datafield><datafield ind1=" " ind2="7" tag="655"><subfield code="a">Newspapers.</subfield><subfield code="2">fast</subfield><subfield code="0">(OCoLC)fst01423814</subfield></datafield><datafield ind1=" " ind2=" " tag="752"><subfield code="a">United States</subfield><subfield code="b">Virginia</subfield><subfield code="c">Prince Edward</subfield><subfield code="d">Farmville.</subfield></datafield><datafield ind1="0" ind2="0" tag="785"><subfield code="t">Farmville Mercury, and official advertiser for Prince Edward, Cumberland, Buckingham, Appomattox and neighboring counties</subfield><subfield code="w">(DLC)sn 85025273</subfield></datafield><datafield ind1="4" ind2="1" tag="856"><subfield code="u">http://virginiachronicle.com/</subfield></datafield><datafield ind1="1" ind2=" " tag="029"><subfield code="a">AU@</subfield><subfield code="b">000024693203</subfield></datafield></record>